@book{burgoyne1987mamluk,
  title={Mamluk Jerusalem: An Architectural Study},
  author={Burgoyne, M.H. and Richards, D.S. and British School of Archaeology in Jerusalem},
  isbn={9780905035338},
  lccn={gb88023558},
  url={https://books.google.ch/books?id=qR\_qAAAAMAAJ},
  year={1987},
  publisher={British School of Archaeology in Jerusalem by the World of Islam Festival Trust}
}
@misc{transkribus,
	title = {Public {Models} in {Transkribus}},
	url = {https://readcoop.eu/transkribus/public-models/},
	abstract = {Overview of the publicly available models in Transkribus that you can use for Handwritten Text Recognition.},
	language = {en-GB},
	urldate = {2021-05-26},
	journal = {READ-COOP},
}

@article{shen2021layoutparser,
  title={LayoutParser: A Unified Toolkit for Deep Learning Based Document Image Analysis},
  author={Shen, Zejiang and Zhang, Ruochen and Dell, Melissa and Lee, Benjamin Charles Germain and Carlson, Jacob and Li, Weining},
  journal={arXiv preprint arXiv:2103.15348},
  year={2021}
}

@misc{Label,
  title={{Label Studio}: Data labeling software},
  url={https://github.com/heartexlabs/label-studio},
  note={Open source software available from https://github.com/heartexlabs/label-studio},
  author={
    Maxim Tkachenko and
    Mikhail Malyuk and
    Andrey Holmanyuk and
    Nikolai Liubimov},
  year={2020-2022},
}

@article{cocodataset,
  author    = {Tsung{-}Yi Lin and Michael Maire and Serge J. Belongie and Lubomir D. Bourdev and Ross B. Girshick and James Hays and Pietro Perona and Deva Ramanan and Piotr Doll{'{a} }r and C. Lawrence Zitnick},
  title     = {Microsoft {COCO:} Common Objects in Context},
  journal   = {CoRR},
  volume    = {abs/1405.0312},
  year      = {2014},
  url       = {http://arxiv.org/abs/1405.0312},
  archivePrefix = {arXiv},
  eprint    = {1405.0312},
  timestamp = {Mon, 13 Aug 2018 16:48:13 +0200},
  biburl    = {https://dblp.org/rec/bib/journals/corr/LinMBHPRDZ14},
  bibsource = {dblp computer science bibliography, https://dblp.org}
}

@software{folium,
  author = {python-visualization},
  title = {Folium},
  url = {https://python-visualization.github.io/folium/},
  version = {0.11.0},
  date = {2020-12-28},
}

@software{ipyleaflet,
  title = {ipyleaflet},
  author = {{QuantStack}},
  year = {2021},
  url = {https://github.com/voila-dashboards/ipyleaflet},
}


